<?xml version="1.0" encoding="UTF-8"?>
  <record xmlns="http://www.loc.gov/MARC21/slim" type="Authority">
    <leader>00000nz  a2200000nc 4500</leader>
    <controlfield tag="001">118674838</controlfield>
    <controlfield tag="003">DE-101</controlfield>
    <controlfield tag="005">20210825003104.0</controlfield>
    <controlfield tag="008">880701n||azznnaabn           | aaa    |c</controlfield>
    <datafield tag="024" ind1="7" ind2=" ">
      <subfield code="a">118674838</subfield>
      <subfield code="0">http://d-nb.info/gnd/118674838</subfield>
      <subfield code="2">gnd</subfield>
    </datafield>
    <datafield tag="035" ind1=" " ind2=" ">
      <subfield code="a">(DE-101)118674838</subfield>
    </datafield>
    <datafield tag="035" ind1=" " ind2=" ">
      <subfield code="a">(DE-588)118674838</subfield>
    </datafield>
    <datafield tag="035" ind1=" " ind2=" ">
      <subfield code="z">(DE-588)1089927118</subfield>
    </datafield>
    <datafield tag="035" ind1=" " ind2=" ">
      <subfield code="z">(DE-588)18940695X</subfield>
    </datafield>
    <datafield tag="035" ind1=" " ind2=" ">
      <subfield code="z">(DE-588a)18940695X</subfield>
      <subfield code="9">v:zg</subfield>
    </datafield>
    <datafield tag="035" ind1=" " ind2=" ">
      <subfield code="z">(DE-588c)7796905-4</subfield>
      <subfield code="9">v:zg</subfield>
    </datafield>
    <datafield tag="035" ind1=" " ind2=" ">
      <subfield code="z">(DE-588)189430087</subfield>
    </datafield>
    <datafield tag="035" ind1=" " ind2=" ">
      <subfield code="z">(DE-588a)189430087</subfield>
      <subfield code="9">v:zg</subfield>
    </datafield>
    <datafield tag="035" ind1=" " ind2=" ">
      <subfield code="z">(DE-588c)7799511-9</subfield>
      <subfield code="9">v:zg</subfield>
    </datafield>
    <datafield tag="035" ind1=" " ind2=" ">
      <subfield code="z">(DE-588a)118674838</subfield>
      <subfield code="9">v:zg</subfield>
    </datafield>
    <datafield tag="035" ind1=" " ind2=" ">
      <subfield code="z">(DE-588a)135663563</subfield>
    </datafield>
    <datafield tag="035" ind1=" " ind2=" ">
      <subfield code="z">(DE-588c)4090231-6</subfield>
      <subfield code="9">v:zg</subfield>
    </datafield>
    <datafield tag="040" ind1=" " ind2=" ">
      <subfield code="a">DE-101</subfield>
      <subfield code="c">DE-101</subfield>
      <subfield code="9">r:DE-101</subfield>
      <subfield code="b">ger</subfield>
      <subfield code="d">9999</subfield>
      <subfield code="e">rda</subfield>
    </datafield>
    <datafield tag="042" ind1=" " ind2=" ">
      <subfield code="a">gnd1</subfield>
    </datafield>
    <datafield tag="043" ind1=" " ind2=" ">
      <subfield code="c">XA-DE</subfield>
    </datafield>
    <datafield tag="065" ind1=" " ind2=" ">
      <subfield code="a">3.6p</subfield>
      <subfield code="2">sswd</subfield>
    </datafield>
    <datafield tag="075" ind1=" " ind2=" ">
      <subfield code="b">p</subfield>
      <subfield code="2">gndgen</subfield>
    </datafield>
    <datafield tag="075" ind1=" " ind2=" ">
      <subfield code="b">piz</subfield>
      <subfield code="2">gndspec</subfield>
    </datafield>
    <datafield tag="079" ind1=" " ind2=" ">
      <subfield code="a">g</subfield>
      <subfield code="q">s</subfield>
      <subfield code="q">f</subfield>
      <subfield code="q">l</subfield>
      <subfield code="q">n</subfield>
      <subfield code="q">g</subfield>
      <subfield code="u">w</subfield>
      <subfield code="u">v</subfield>
      <subfield code="u">o</subfield>
    </datafield>
    <datafield tag="100" ind1="0" ind2=" ">
      <subfield code="a">Bruno</subfield>
      <subfield code="c">von Köln, Heiliger</subfield>
      <subfield code="d">1030-1101</subfield>
    </datafield>
    <datafield tag="375" ind1=" " ind2=" ">
      <subfield code="a">1</subfield>
      <subfield code="2">iso5218</subfield>
    </datafield>
    <datafield tag="400" ind1="0" ind2=" ">
      <subfield code="a">Bruno</subfield>
      <subfield code="c">Cartusianus</subfield>
      <subfield code="d">1030-1101</subfield>
    </datafield>
    <datafield tag="400" ind1="0" ind2=" ">
      <subfield code="a">Bruno</subfield>
      <subfield code="c">Saint</subfield>
      <subfield code="d">1030-1101</subfield>
    </datafield>
    <datafield tag="400" ind1="1" ind2=" ">
      <subfield code="a">Cartusianus, Bruno</subfield>
      <subfield code="d">1030-1101</subfield>
    </datafield>
    <datafield tag="400" ind1="0" ind2=" ">
      <subfield code="a">Bruno</subfield>
      <subfield code="c">de Hartefaust</subfield>
      <subfield code="d">1030-1101</subfield>
    </datafield>
    <datafield tag="400" ind1="0" ind2=" ">
      <subfield code="a">Bruno</subfield>
      <subfield code="c">Cartusiensis</subfield>
      <subfield code="d">1030-1101</subfield>
    </datafield>
    <datafield tag="400" ind1="0" ind2=" ">
      <subfield code="a">Bruno</subfield>
      <subfield code="c">Heiliger</subfield>
      <subfield code="d">1030-1101</subfield>
    </datafield>
    <datafield tag="400" ind1="0" ind2=" ">
      <subfield code="a">Brun</subfield>
      <subfield code="c">Heiliger</subfield>
      <subfield code="d">1030-1101</subfield>
      <subfield code="9">v:NDB/ADB-online</subfield>
    </datafield>
    <datafield tag="400" ind1="0" ind2=" ">
      <subfield code="a">Brun</subfield>
      <subfield code="d">1030-1101</subfield>
    </datafield>
    <datafield tag="400" ind1="0" ind2=" ">
      <subfield code="a">Bruno</subfield>
      <subfield code="d">1030-1101</subfield>
    </datafield>
    <datafield tag="400" ind1="0" ind2=" ">
      <subfield code="a">Pseudo-Bruno</subfield>
      <subfield code="c">Carthusianus</subfield>
      <subfield code="d">1030-1101</subfield>
    </datafield>
    <datafield tag="400" ind1="0" ind2=" ">
      <subfield code="a">Bruno</subfield>
      <subfield code="c">Carthusianus, Heiliger, Ordensgründer</subfield>
      <subfield code="d">1030-1101</subfield>
    </datafield>
    <datafield tag="400" ind1="1" ind2=" ">
      <subfield code="a">Carthusianus, Bruno</subfield>
      <subfield code="c">Heiliger, Ordensgründer</subfield>
      <subfield code="d">1030-1101</subfield>
    </datafield>
    <datafield tag="400" ind1="0" ind2=" ">
      <subfield code="a">Bruno</subfield>
      <subfield code="c">Cartusiensis, Heiliger, Ordensgründer</subfield>
      <subfield code="d">1030-1101</subfield>
    </datafield>
    <datafield tag="400" ind1="0" ind2=" ">
      <subfield code="a">Bruno</subfield>
      <subfield code="c">Carthusiensis, Heiliger, Ordensgründer</subfield>
      <subfield code="d">1030-1101</subfield>
    </datafield>
    <datafield tag="400" ind1="0" ind2=" ">
      <subfield code="a">Bruno</subfield>
      <subfield code="c">von Köln, Heiliger, Ordensgründer</subfield>
      <subfield code="d">1030-1101</subfield>
    </datafield>
    <datafield tag="400" ind1="0" ind2=" ">
      <subfield code="a">Bruno</subfield>
      <subfield code="c">der Kartäuser, Heiliger, Ordensgründer</subfield>
      <subfield code="d">1030-1101</subfield>
    </datafield>
    <datafield tag="400" ind1="0" ind2=" ">
      <subfield code="a">Bruno</subfield>
      <subfield code="c">de Cologne, Heiliger, Ordensgründer</subfield>
      <subfield code="d">1030-1101</subfield>
    </datafield>
    <datafield tag="400" ind1="0" ind2=" ">
      <subfield code="a">Bruno</subfield>
      <subfield code="c">le Chartreux, Heiliger, Ordensgründer</subfield>
      <subfield code="d">1030-1101</subfield>
    </datafield>
    <datafield tag="400" ind1="0" ind2=" ">
      <subfield code="a">Bruno</subfield>
      <subfield code="c">Carthusianorum Ordinis Institutor, Heiliger, Ordensgründer</subfield>
      <subfield code="d">1030-1101</subfield>
    </datafield>
    <datafield tag="400" ind1="0" ind2=" ">
      <subfield code="a">Bruno</subfield>
      <subfield code="c">Saint, Heiliger, Ordensgründer</subfield>
      <subfield code="d">1030-1101</subfield>
    </datafield>
    <datafield tag="400" ind1="0" ind2=" ">
      <subfield code="a">Bruno</subfield>
      <subfield code="c">Sanctus, Heiliger, Ordensgründer</subfield>
      <subfield code="d">1030-1101</subfield>
    </datafield>
    <datafield tag="400" ind1="0" ind2=" ">
      <subfield code="a">Bruno</subfield>
      <subfield code="c">the Carthusian, Heiliger, Ordensgründer</subfield>
      <subfield code="d">1030-1101</subfield>
    </datafield>
    <datafield tag="400" ind1="0" ind2=" ">
      <subfield code="a">Bruno</subfield>
      <subfield code="c">de Hartefaust, Heiliger, Ordensgründer</subfield>
      <subfield code="d">1030-1101</subfield>
    </datafield>
    <datafield tag="400" ind1="0" ind2=" ">
      <subfield code="a">Bruno</subfield>
      <subfield code="c">Cartusianus, Heiliger, Ordensgründer</subfield>
      <subfield code="d">1030-1101</subfield>
    </datafield>
    <datafield tag="400" ind1="0" ind2=" ">
      <subfield code="a">Bruno</subfield>
      <subfield code="c">von Köln</subfield>
      <subfield code="d">1030-1101</subfield>
    </datafield>
    <datafield tag="400" ind1="0" ind2=" ">
      <subfield code="a">Bruno</subfield>
      <subfield code="c">Carthusianus</subfield>
      <subfield code="d">1030-1101</subfield>
    </datafield>
    <datafield tag="400" ind1="0" ind2=" ">
      <subfield code="a">Bruno</subfield>
      <subfield code="c">Sanctus</subfield>
      <subfield code="d">1030-1101</subfield>
    </datafield>
    <datafield tag="400" ind1="0" ind2=" ">
      <subfield code="a">Bruno</subfield>
      <subfield code="c">Carthusianorum Ordinis Institutor</subfield>
      <subfield code="d">1030-1101</subfield>
    </datafield>
    <datafield tag="400" ind1="0" ind2=" ">
      <subfield code="a">Bruno</subfield>
      <subfield code="c">le Chartreux</subfield>
      <subfield code="d">1030-1101</subfield>
    </datafield>
    <datafield tag="400" ind1="0" ind2=" ">
      <subfield code="a">Bruno</subfield>
      <subfield code="c">der Kartäuser</subfield>
      <subfield code="d">1030-1101</subfield>
    </datafield>
    <datafield tag="400" ind1="0" ind2=" ">
      <subfield code="a">Bruno</subfield>
      <subfield code="c">Carthusiensis</subfield>
      <subfield code="d">1030-1101</subfield>
    </datafield>
    <datafield tag="400" ind1="1" ind2=" ">
      <subfield code="a">Carthusianus, Bruno</subfield>
      <subfield code="d">1030-1101</subfield>
    </datafield>
    <datafield tag="400" ind1="0" ind2=" ">
      <subfield code="a">Bruno</subfield>
      <subfield code="c">von Köln, Ordensgründer</subfield>
      <subfield code="d">1030-1101</subfield>
    </datafield>
    <datafield tag="500" ind1="3" ind2=" ">
      <subfield code="0">(DE-101)139783520</subfield>
      <subfield code="0">(DE-588)139783520</subfield>
      <subfield code="0">https://d-nb.info/gnd/139783520</subfield>
      <subfield code="a">Hardevust</subfield>
      <subfield code="c">Familie</subfield>
      <subfield code="d">ca. 12. Jh.-</subfield>
      <subfield code="4">bezf</subfield>
      <subfield code="4">https://d-nb.info/standards/elementset/gnd#familialRelationship</subfield>
      <subfield code="w">r</subfield>
      <subfield code="i">Beziehung familiaer</subfield>
      <subfield code="e">Beziehung familiaer</subfield>
    </datafield>
    <datafield tag="510" ind1="2" ind2=" ">
      <subfield code="0">(DE-101)004101863</subfield>
      <subfield code="0">(DE-588)1017943-4</subfield>
      <subfield code="0">https://d-nb.info/gnd/1017943-4</subfield>
      <subfield code="a">Kartäuser</subfield>
      <subfield code="4">affi</subfield>
      <subfield code="4">https://d-nb.info/standards/elementset/gnd#affiliation</subfield>
      <subfield code="w">r</subfield>
      <subfield code="i">Affiliation</subfield>
      <subfield code="e">Affiliation</subfield>
    </datafield>
    <datafield tag="548" ind1=" " ind2=" ">
      <subfield code="a">1030-1101</subfield>
      <subfield code="4">datl</subfield>
      <subfield code="4">https://d-nb.info/standards/elementset/gnd#dateOfBirthAndDeath</subfield>
      <subfield code="w">r</subfield>
      <subfield code="i">Lebensdaten</subfield>
      <subfield code="9">v:Geburtsjahr ca.</subfield>
    </datafield>
    <datafield tag="548" ind1=" " ind2=" ">
      <subfield code="a">-06.10.1101</subfield>
      <subfield code="4">datx</subfield>
      <subfield code="4">https://d-nb.info/standards/elementset/gnd#dateOfDeath</subfield>
      <subfield code="w">r</subfield>
      <subfield code="i">Exakte Lebensdaten</subfield>
    </datafield>
    <datafield tag="550" ind1=" " ind2=" ">
      <subfield code="0">(DE-101)042430577</subfield>
      <subfield code="0">(DE-588)4243057-4</subfield>
      <subfield code="0">https://d-nb.info/gnd/4243057-4</subfield>
      <subfield code="a">Ordensgründer</subfield>
      <subfield code="4">beru</subfield>
      <subfield code="4">https://d-nb.info/standards/elementset/gnd#professionOrOccupation</subfield>
      <subfield code="w">r</subfield>
      <subfield code="i">Beruf</subfield>
    </datafield>
    <datafield tag="550" ind1=" " ind2=" ">
      <subfield code="0">(DE-101)04024055X</subfield>
      <subfield code="0">(DE-588)4024055-1</subfield>
      <subfield code="0">https://d-nb.info/gnd/4024055-1</subfield>
      <subfield code="a">Heiliger</subfield>
      <subfield code="4">obin</subfield>
      <subfield code="4">https://d-nb.info/standards/elementset/gnd#broaderTermInstantial</subfield>
      <subfield code="w">r</subfield>
      <subfield code="i">Oberbegriff instantiell</subfield>
    </datafield>
    <datafield tag="551" ind1=" " ind2=" ">
      <subfield code="0">(DE-101)040314839</subfield>
      <subfield code="0">(DE-588)4031483-2</subfield>
      <subfield code="0">https://d-nb.info/gnd/4031483-2</subfield>
      <subfield code="a">Köln</subfield>
      <subfield code="4">ortg</subfield>
      <subfield code="4">https://d-nb.info/standards/elementset/gnd#placeOfBirth</subfield>
      <subfield code="w">r</subfield>
      <subfield code="i">Geburtsort</subfield>
    </datafield>
    <datafield tag="551" ind1=" " ind2=" ">
      <subfield code="0">(DE-101)040546217</subfield>
      <subfield code="0">(DE-588)4054621-4</subfield>
      <subfield code="0">https://d-nb.info/gnd/4054621-4</subfield>
      <subfield code="a">Serra San Bruno</subfield>
      <subfield code="4">orts</subfield>
      <subfield code="4">https://d-nb.info/standards/elementset/gnd#placeOfDeath</subfield>
      <subfield code="w">r</subfield>
      <subfield code="i">Sterbeort</subfield>
    </datafield>
    <datafield tag="670" ind1=" " ind2=" ">
      <subfield code="a">Brockhaus online</subfield>
      <subfield code="b">Stand: 12.03.2021</subfield>
      <subfield code="u">https://brockhaus-1de-10082b6ve03bf.emedia1.bsb-muenchen.de/ecs/enzy/article/bruno-von-köln</subfield>
    </datafield>
    <datafield tag="670" ind1=" " ind2=" ">
      <subfield code="a">GND</subfield>
    </datafield>
    <datafield tag="672" ind1=" " ind2="0">
      <subfield code="a">Opera et vita. - [1524]</subfield>
    </datafield>
    <datafield tag="672" ind1=" " ind2="0">
      <subfield code="a">Opera. - 1611</subfield>
    </datafield>
    <datafield tag="672" ind1=" " ind2="0">
      <subfield code="a">Opera et vita. - 1524</subfield>
    </datafield>
    <datafield tag="678" ind1=" " ind2=" ">
      <subfield code="b">Gründer d. Kartäuserordens; katholischer Kleriker</subfield>
    </datafield>
    <datafield tag="913" ind1=" " ind2=" ">
      <subfield code="S">pnd</subfield>
      <subfield code="i">5</subfield>
      <subfield code="a">Bruno &lt;Cartusianus&gt;</subfield>
      <subfield code="0">(DE-588a)118674838</subfield>
    </datafield>
    <datafield tag="913" ind1=" " ind2=" ">
      <subfield code="S">pnd</subfield>
      <subfield code="i">5</subfield>
      <subfield code="a">Bruno &lt;der Kartäuser&gt;</subfield>
      <subfield code="0">(DE-588a)118674838</subfield>
    </datafield>
    <datafield tag="913" ind1=" " ind2=" ">
      <subfield code="S">pnd</subfield>
      <subfield code="i">5</subfield>
      <subfield code="a">Bruno &lt;Heiliger&gt;</subfield>
      <subfield code="0">(DE-588a)189430087</subfield>
    </datafield>
    <datafield tag="913" ind1=" " ind2=" ">
      <subfield code="S">pnd</subfield>
      <subfield code="i">5</subfield>
      <subfield code="a">Bruno von Köln &lt;Heiliger&gt;</subfield>
      <subfield code="0">(DE-588a)18940695X</subfield>
    </datafield>
  </record>
